% ST-LSTM, ToDo: Exakte Zitation überprüfen
@article{stlstm,
 author = {Wang, Yunbo and Long, Mingsheng and Wang, Jianmin and Gao, Zhifeng and Yu, Philip S},
 booktitle = {Advances in Neural Information Processing Systems},
 editor = {I. Guyon and U. V. Luxburg and S. Bengio and H. Wallach and R. Fergus and S. Vishwanathan and R. Garnett},
 pages = {},
 publisher = {Curran Associates, Inc.},
 title = {PredRNN: Recurrent Neural Networks for Predictive Learning using Spatiotemporal LSTMs},
 volume = {30},
 year = {2017}
}

% Recurrent neural networks, Example for Seq2Seq problem, Example 1
@misc{seq2seq_example1,
Author = {Yonghui Wu and Mike Schuster and Zhifeng Chen and Quoc V. Le and Mohammad Norouzi and Wolfgang Macherey and Maxim Krikun and Yuan Cao and Qin Gao and Klaus Macherey and Jeff Klingner and Apurva Shah and Melvin Johnson and Xiaobing Liu and Łukasz Kaiser and Stephan Gouws and Yoshikiyo Kato and Taku Kudo and Hideto Kazawa and Keith Stevens and George Kurian and Nishant Patil and Wei Wang and Cliff Young and Jason Smith and Jason Riesa and Alex Rudnick and Oriol Vinyals and Greg Corrado and Macduff Hughes and Jeffrey Dean},
Title = {Google's Neural Machine Translation System: Bridging the Gap between Human and Machine Translation},
Year = {2016},
Eprint = {arXiv:1609.08144},
}

% Recurrent neural networks, Example for Seq2Seq problem, Example 2
@INPROCEEDINGS{seq2seq_example2,
  author={T. {Mikolov} and G. {Zweig}},
  booktitle={2012 IEEE Spoken Language Technology Workshop (SLT)}, 
  title={Context dependent recurrent neural network language model}, 
  year={2012},
  volume={},
  number={},
  pages={234-239},
  doi={10.1109/SLT.2012.6424228}
  }
  
% Recurrent neural networks, Example for Seq2Seq problem, Example 3
@article{seq2seq_example3,
 author = {Wang, Yunbo and Long, Mingsheng and Wang, Jianmin and Gao, Zhifeng and Yu, Philip S},
 booktitle = {Advances in Neural Information Processing Systems},
 editor = {I. Guyon and U. V. Luxburg and S. Bengio and H. Wallach and R. Fergus and S. Vishwanathan and R. Garnett},
 pages = {},
 publisher = {Curran Associates, Inc.},
 title = {PredRNN: Recurrent Neural Networks for Predictive Learning using Spatiotemporal LSTMs},
 volume = {30},
 year = {2017}
}

% Ulrich-Barkley
@article{berg_synchronization_2011,
	title = {Synchronization based system identification of an extended excitable system},
	volume = {21},
	url = {http://aip.scitation.org/doi/10.1063/1.3613921},
	doi = {10.1063/1.3613921},
	language = {en},
	number = {3},
	urldate = {2021-02-18},
	journal = {Chaos: An Interdisciplinary Journal of Nonlinear Science},
	author = {Berg, Sebastian and Luther, Stefan. and Parlitz, Ulrich.},
	month = sep,
	year = {2011},
	pages = {033104},
}